%%%%%%%%%
% Tor, Usability %
%%%%%%%%%

% 1 % 
@inproceedings{clark2007usability,
  title={Usability of anonymous web browsing: an examination of tor interfaces and deployability},
  author={Clark, Jeremy and Van Oorschot, Paul C and Adams, Carlisle},
  booktitle={Proceedings of the 3rd symposium on Usable privacy and security},
  pages={41--51},
  year={2007},
  organization={ACM}
}

% 2 %
@incollection{fabian2010privately,
  title={Privately waiting--a usability analysis of the tor anonymity network},
  author={Fabian, Benjamin and Goertz, Florian and Kunz, Steffen and M{\"u}ller, Sebastian and Nitzsche, Mathias},
  booktitle={Sustainable e-Business Management},
  pages={63--75},
  year={2010},
  publisher={Springer}
}

% 3 % 
@inproceedings{norcie2012eliminating,
  title={Eliminating Stop-Points in the Installation and Use of Anonymity Systems: A Usability Evaluation of the {Tor Browser Bundle}},
  author={Norcie, Greg and Caine, Kelly and Camp, L Jean},
  booktitle={5th Workshop on Hot Topics in Privacy Enhancing Technologies (HotPETS)},
  year={2012},
  organization={Citeseer},
  note = {\url{https://petsymposium.org/2012/papers/hotpets12-1-usability.pdf}},
}

% 4 %
@misc{uxsprint,
  title = {{UX Sprint 2015} wrapup},
  author = {Linda Lee and David Fifield},
  howpublished = {\url{https://blog.torproject.org/blog/ux-sprint-2015-wrapup}},
  note = {Accessed: 2015-10-5}}
  
% 5 % 
@misc{uxsprint2015-tickets,
  title = {``uxsprint2015'' tickets},
  key = {uxsprint 2015 tickets},
  author = {{The Tor Project}},
  url = {https://trac.torproject.org/projects/tor/query?keywords=~uxsprint2015},
  year = 2015,
  month = mar,
}

%%%%%%%%%
% Tor, General %
%%%%%%%%%

% 6 %
@techreport{dingledine2004tor,
  title={Tor: The second-generation onion router},
  author={Dingledine, Roger and Mathewson, Nick and Syverson, Paul},
  year={2004},
  institution={DTIC Document}
}

% 7 %
@article{dingledine2009performance,
  title={Performance Improvements on Tor or, Why Tor is slow and what we?re going to do about it},
  author={Dingledine, Roger and Murdoch, Steven J},
  journal={Online: http://www. torproject. org/press/presskit/2009-03-11-performance. pdf},
  year={2009}
}

% 8 %
@inproceedings{dingledine2006anonymity,
  title={Anonymity Loves Company: Usability and the Network Effect.},
  author={Dingledine, Roger and Mathewson, Nick},
  booktitle={WEIS},
  year={2006}
}

%%%%%%%
% Usability %
%%%%%%%

% 9 %
@article{nielsen1994heuristic,
  title={Heuristic evaluation},
  author={Nielsen, Jakob},
  journal={Usability inspection methods},
  volume={17},
  number={1},
  pages={25--62},
  year={1994}
}

% 10 %
@inproceedings{whitten1999johnny,
  title={Why Johnny Can't Encrypt: A Usability Evaluation of PGP 5.0.},
  author={Whitten, Alma and Tygar, J Doug},
  booktitle={Usenix Security},
  volume={1999},
  year={1999}
}

% 11 %
@misc{howmanyusers,
  author = {{Nielsen Norman Group}},
  howpublished = {\url{http://www.nngroup.com/articles/how-many-test-users/}}
}

% 12 %
@inproceedings{nielsen1994usability,
  title={Usability inspection methods},
  author={Nielsen, Jakob},
  booktitle={Conference companion on Human factors in computing systems},
  pages={413--414},
  year={1994},
  organization={ACM}
}

% 13 % 
@book{cranor2005security,
  title={Security and usability: designing secure systems that people can use},
  author={Cranor, Lorrie Faith and Garfinkel, Simson},
  year={2005},
  publisher={" O'Reilly Media, Inc."}
}

% 14 %
@article{molich1990improving,
  title={Improving a human-computer dialogue},
  author={Molich, Rolf and Nielsen, Jakob},
  journal={Communications of the ACM},
  volume={33},
  number={3},
  pages={338--348},
  year={1990},
  publisher={ACM}
}

% 15 % 
@inproceedings{reeder2005user,
  title={User interface dependability through goal-error prevention},
  author={Reeder, Robert W and Maxion, Roy A},
  booktitle={Dependable Systems and Networks, 2005. DSN 2005. Proceedings. International Conference on},
  pages={60--69},
  year={2005},
  organization={IEEE}
}

% 16 %
@article{wason1960failure,
  title={On the failure to eliminate hypotheses in a conceptual task},
  author={Wason, Peter C},
  journal={Quarterly journal of experimental psychology},
  volume={12},
  number={3},
  pages={129--140},
  year={1960},
  publisher={Taylor \& Francis}
}

% 17 %
@article{egelmanplease,
  title={Please Continue to Hold},
  author={Egelman, Serge and Molnar, David and Christin, Nicolas and Acquisti, Alessandro and Herley, Cormac and Krishnamurthi, Shriram}
}
 

%%%%%%%%%%%%
% MISC UNSORTED %
%%%%%%%%%%%%

@misc{whotor,
  title = {Who uses {Tor}?},
  howpublished = {\url{https://www.torproject.org/about/torusers.html.en#normalusers}},
  note = {Accessed: 2015-10-5}}

@article{fifield2015blocking,
  title={Blocking-resistant communication through domain fronting},
  author={Fifield, David and Lan, Chang and Hynes, Rod and Wegmann, Percy and Paxson, Vern},
  journal={Privacy Enhancing Technologies},
  volume={1},
  number={2},
  pages={1--19},
  year={2015},
  publisher = {De Gruyter Open},
  note = {\url{https://www.bamsoftware.com/papers/fronting/}},
}

@article{winter2012great,
  title={How the {Great Firewall of China} is Blocking {Tor}},
  author={Winter, Philipp and Lindskog, Stefan},
  journal={Free and Open Communications on the Internet},
  year={2012},
  publisher = {USENIX},
  note = {\url{https://www.usenix.org/system/files/conference/foci12/foci12-final2.pdf}},
}

@incollection{faris2008measuring,
  title={Measuring Global {Internet} Filtering},
  author={Faris, Robert and Villeneuve, Nart},
  booktitle={Access Denied: The Practice and Policy of Global {Internet} Filtering},
  pages={5--28},
  year={2008},
  publisher={Cambridge: MIT Press},
  note = {\url{http://access.opennet.net/denied/}},
}

@misc{crypto_wikipedia_2015,
author={Wikipedia},
title={Restrictions on the import of cryptography},
url={http://en.wikipedia.org/wiki/Restrictions_on_the_import_of_cryptography},
year={2015}
},

@misc{china_wikipedia_2015,
author={Wikipedia},
title={Golden Shield Project},
url={http://en.wikipedia.org/wiki/Golden_Shield_Project},
year={2015}
}

@misc{tor_wikipedia_2015,
author={Wikipedia},
title={Tor (anonymity network)},
url={http://en.wikipedia.org/wiki/Tor_%28anonymity_network%29},
year={2015}
}

