@article{norberg2007privacy,
  Author = {Norberg, Patricia A and Horne, Daniel R and Horne, David A},
  Journal = {Journal of Consumer Affairs},
  Number = {1},
  Pages = {100--126},
  Publisher = {Wiley Online Library},
  Title = {The privacy paradox: Personal information disclosure intentions versus behaviors},
  Volume = {41},
  Year = {2007}}

@misc{crypto_wikipedia_2015,
author={Wikipedia},
title={Restrictions on the import of cryptography},
url={http://en.wikipedia.org/wiki/Restrictions_on_the_import_of_cryptography},
year={2015}
},

@misc{china_wikipedia_2015,
author={Wikipedia},
title={Golden Shield Project},
url={http://en.wikipedia.org/wiki/Golden_Shield_Project},
year={2015}
}

@inproceedings{akhawe2013alice,
  title={Alice in Warningland: A Large-Scale Field Study of Browser Security Warning Effectiveness.},
  author={Akhawe, Devdatta and Felt, Adrienne Porter},
  booktitle={Usenix Security},
  pages={257--272},
  year={2013}
}

@inproceedings{egelman2008you,
  title={You've been warned: an empirical study of the effectiveness of web browser phishing warnings},
  author={Egelman, Serge and Cranor, Lorrie Faith and Hong, Jason},
  booktitle={Proceedings of the SIGCHI Conference on Human Factors in Computing Systems},
  pages={1065--1074},
  year={2008},
  organization={ACM}
}

@article{blond2011one,
  title={One bad apple spoils the bunch: exploiting P2P applications to trace and profile Tor users},
  author={Le Blond, Stevens and Manils, Pere and Abdelberi, Chaabane and Kaafar, Mohamed Ali Dali and Castelluccia, Claude and Legout, Arnaud and Dabbous, Walid},
  journal={arXiv preprint arXiv:1103.1518},
  year={2011}
}

@inproceedings{acquisti2004privacy,
  title={Privacy in electronic commerce and the economics of immediate gratification},
  author={Acquisti, Alessandro},
  booktitle={Proceedings of the 5th ACM conference on Electronic commerce},
  pages={21--29},
  year={2004},
  organization={ACM}
}

@article{jensen2005privacy,
  Author = {Jensen, Carlos and Potts, Colin and Jensen, Christian},
  Journal = {International Journal of Human-Computer Studies},
  Number = {1},
  Pages = {203--227},
  Publisher = {Elsevier},
  Title = {Privacy Practices of Internet Users: Self-reports Versus Observed Behavior},
  Volume = {63},
  Year = {2005}}

@inproceedings{dingledine2006anonymity,
  title={Anonymity Loves Company: Usability and the Network Effect.},
  author={Dingledine, Roger and Mathewson, Nick},
  booktitle={WEIS},
  year={2006}
}

@techreport{dingledine2004tor,
  title={Tor: The second-generation onion router},
  author={Dingledine, Roger and Mathewson, Nick and Syverson, Paul},
  year={2004},
  institution={DTIC Document}
}

@misc{torproject_2015,
author={The Tor Project, Inc.},
title={Who uses Tor?},
url={https://www.torproject.org/about/torusers.html.en},
journal={Torproject.org},
year={2015}
}

@misc{tor_wikipedia_2015,
author={Wikipedia},
title={Tor (anonymity network)},
url={http://en.wikipedia.org/wiki/Tor_%28anonymity_network%29},
year={2015}
}

@book{cranor2005security,
  title={Security and usability: designing secure systems that people can use},
  author={Cranor, Lorrie Faith and Garfinkel, Simson},
  year={2005},
  publisher={" O'Reilly Media, Inc."}
}

@inproceedings{clark2007usability,
  title={Usability of anonymous web browsing: an examination of tor interfaces and deployability},
  author={Clark, Jeremy and Van Oorschot, Paul C and Adams, Carlisle},
  booktitle={Proceedings of the 3rd symposium on Usable privacy and security},
  pages={41--51},
  year={2007},
  organization={ACM}
}

@incollection{fabian2010privately,
  title={Privately waiting--a usability analysis of the tor anonymity network},
  author={Fabian, Benjamin and Goertz, Florian and Kunz, Steffen and M{\"u}ller, Sebastian and Nitzsche, Mathias},
  booktitle={Sustainable e-Business Management},
  pages={63--75},
  year={2010},
  publisher={Springer}
}

@inproceedings{norcie2012eliminating,
  title={Eliminating Stop-Points in the Installation and Use of Anonymity Systems: A Usability Evaluation of the {Tor Browser Bundle}},
  author={Norcie, Greg and Caine, Kelly and Camp, L Jean},
  booktitle={5th Workshop on Hot Topics in Privacy Enhancing Technologies (HotPETS)},
  year={2012},
  organization={Citeseer}
}

@misc{uxsprint2015-tickets,
  title = {``uxsprint2015'' tickets},
  key = {uxsprint 2015 tickets},
  author = {{The Tor Project}},
  url = {https://trac.torproject.org/projects/tor/query?keywords=~uxsprint2015},
  year = 2015,
  month = mar,
}
